@PREAMBLE{
 "\providecommand{\noopsort}[1]{}" 
 # "\providecommand{\singleletter}[1]{#1}%" 
}

@book{melissinos-mod-phys,
    author = {Adrian C. Melissinos, Jim Napolitano} ,
    title = {Experiments in Moder Physics},
    publisher = {Academic Press},
    year = {2003} , 
    pages = {215-250}
}

@book{McIntyre-QM,
    author = {David H. McIntyre},
    title = {Quantum Mechanics A Paradigms Approach},
    publisher = {Pearson},
    year = {2012},
    pages = {462-466}
}

@book{McIntyre-QM_Zeeman,
    author = {David H. McIntyre},
    title = {Quantum Mechanics A Paradigms Approach},
    publisher = {Pearson},
    year = {2012},
    pages = {393-407}
}

@book{Foot_AtomicPhys,
    author = {Christopher J. Foot},
    title = {Atomic Physics},
    publisher = {Oxford University Press},
    year = {2005},
    pages = {251-293}
}

@article{Optical_Pumping_Happer,
  title = {Optical Pumping},
  author = {HAPPER, WILLIAM},
  journal = {Rev. Mod. Phys.},
  volume = {44},
  issue = {2},
  pages = {169--249},
  numpages = {0},
  year = {1972},
  month = {Apr},
  publisher = {American Physical Society},
  doi = {10.1103/RevModPhys.44.169},
  url = {https://link.aps.org/doi/10.1103/RevModPhys.44.169}
}

@article{Zeeman_Cesium_beam,
  title = {High-brilliance Zeeman-slowed cesium atomic beam},
  author = {Lison, F. and Schuh, P. and Haubrich, D. and Meschede, D.},
  journal = {Phys. Rev. A},
  volume = {61},
  issue = {1},
  pages = {013405},
  numpages = {9},
  year = {1999},
  month = {Dec},
  publisher = {American Physical Society},
  doi = {10.1103/PhysRevA.61.013405},
  url = {https://link.aps.org/doi/10.1103/PhysRevA.61.013405}
}

@article{raghavan1989table,
  title={Table of nuclear moments},
  author={Raghavan, Pramila},
  journal={Atomic data and nuclear data tables},
  volume={42},
  number={2},
  pages={189-291},
  year={1989},
  publisher={Elsevier}
}

@article{MEG_example,
  title={Magnetoencephalography with optically pumped magnetometers (OPM-MEG): the next generation of functional neuroimaging},
  author={Brookes, Matthew J and Leggett, James and Rea, Molly and Hill, Ryan M and Holmes, Niall and Boto, Elena and Bowtell, Richard},
  journal={Trends in Neurosciences},
  volume={45},
  number={8},
  pages={621--634},
  year={2022},
  publisher={Elsevier}
}

@article{Laser_Example,
  title={Optically pumped lasing in microscale light-emitting electrochemical cell arrays for multicolor displays},
  author={Liang, Jie and Chu, Manman and Zhou, Zhonghao and Yan, Yongli and Zhao, Yong Sheng},
  journal={Nano Letters},
  volume={20},
  number={10},
  pages={7116--7122},
  year={2020},
  publisher={ACS Publications}
}